@misc{ example,
  author = "{Example Author}",
  title = "Example Domain",
  year = "2023",
  howpublished = "\url{https://example.org}",
  note = "[Online; accessed 07-March-2024]"
}
