@misc{eu-29-June-1998,
	author={{Council of European Union}},
	title={98/463/EC: Council Recommendation of 29 June 1998 on the suitability of blood and plasma donors and the screening of donated blood in the European Community},
	year={1998},
	note={https://eur-lex.europa.eu/legal-content/EN/TXT/?uri=CELEX%3A31998H0463},
}

@report{IPST:2023:Report,
 author = {Maria Antónia Escoval, Jorge Condeço, Ana Paula Sousa, Augusto Ramoa, Cristina Caeiro, Eugénia Vasconcelos, Isabel Miranda and Mário Chin},
 title = {Relatório de Atividade Transfusional e Sistema Português de Hemovigilância 2022},
 institution = {Instituto Português do Sangue e da Transplantação}
 year ={2023}
}

@online{IPST_Historia,
	author = {IPST},
	title = {{IPST}  História},
	url = {https://ipst.pt/index.php/pt/institucional/historia},
	note = {Accessed: 01-05-2024}
}

@online{Fetch_API,
	author = {mdn.developer.mozilla.org},
	title = {Fetch API - Web APIs},
	url = {\url{https://developer.mozilla.org/en-US/docs/Web/API/Fetch_API}},
	note = {Accessed: 30-05-2024}
}

@online{React_Context_API,
	author = {Meta Open Source},
	title = {Passing Data Deeply with Context - React},
	url = {{https://react.dev/learn/passing-data-deeply-with-context}},
	note = {Accessed: 30-05-2024}
}

@online{Visily,
	author = {Visily},
	title = {Visily - AI-powered UI design software},
	url = {{https://www.visily.ai/}},
	note = {Accessed: 02-06-2024}
}

@online{Swagger,
	author = {SMARTBEAR},
	title = {API Documentation \& Design Tools for Teams},
	url = {{https://swagger.io/}},
	note = {Accessed: 02-06-2024}
}

@online{diagrams.net,
	author = {draw.io},
	title = {Security-first diagramming for teams.},
	url = {https://www.drawio.com/}},
	note = {Accessed: 02-06-2024}
}
